<?xml version="1.0" encoding="UTF-8"?><collection xmlns="http://www.loc.gov/MARC21/slim"><record><leader>00446nam--2200169-i-4500</leader><controlfield tag="001">000010167</controlfield><controlfield tag="002">20161230</controlfield><controlfield tag="005">20170116223507</controlfield><controlfield tag="008">060222s1000------------r-----000-0-eng-d</controlfield><datafield ind1=" " ind2=" " tag="080"><subfield code="a">621.384.6:538.122</subfield></datafield><datafield ind1=" " ind2=" " tag="100"><subfield code="a">Abdel-Salam, F. W</subfield></datafield><datafield ind1=" " ind2=" " tag="245"><subfield code="a">A study of the properties of magnetic focusing systems</subfield></datafield><datafield ind1=" " ind2=" " tag="260"><subfield code="a">Cairo</subfield><subfield code="b">Atomic Energy Establishment</subfield><subfield code="c">1971</subfield></datafield><datafield ind1=" " ind2=" " tag="300"><subfield code="a">29 p</subfield></datafield><datafield ind1=" " ind2=" " tag="490"><subfield code="a">118</subfield></datafield><datafield ind1=" " ind2=" " tag="852"><subfield code="a">530.1</subfield></datafield><datafield ind1=" " ind2=" " tag="CAT"><subfield code="a">SYS</subfield><subfield code="c">20170116</subfield><subfield code="h">223507</subfield></datafield></record></collection>